<record><leader>00000cas a22000007a 4500</leader><controlfield tag="001">19210789</controlfield><controlfield tag="008">890214d19191922nduwr ne      0    0eng d</controlfield><datafield ind1=" " ind2=" " tag="010"><subfield code="a">sn 88076696 </subfield></datafield><datafield ind1=" " ind2=" " tag="040"><subfield code="a">NOP</subfield><subfield code="b">eng</subfield><subfield code="c">NOP</subfield><subfield code="d">OCLCQ</subfield></datafield><datafield ind1=" " ind2=" " tag="042"><subfield code="a">msc</subfield></datafield><datafield ind1="0" ind2="0" tag="245"><subfield code="a">Ward County farmers press and the Kenmare journal.</subfield></datafield><datafield ind1=" " ind2=" " tag="260"><subfield code="a">Minot, Ward County, N.D. :</subfield><subfield code="b">Albert E. Andrews</subfield></datafield><datafield ind1=" " ind2=" " tag="300"><subfield code="a">v. :</subfield><subfield code="b">ill. ;</subfield><subfield code="c">55-59 cm.</subfield></datafield><datafield ind1=" " ind2=" " tag="310"><subfield code="a">Weekly</subfield></datafield><datafield ind1="0" ind2=" " tag="362"><subfield code="a">Vol. 1, no. 8 (Oct. 16, 1919)-v. 4, no. 10 (Nov. 23, 1922).</subfield></datafield><datafield ind1=" " ind2=" " tag="500"><subfield code="a">Official paper of Ward County.</subfield></datafield><datafield ind1=" " ind2=" " tag="515"><subfield code="a">Also bears the numbering of the Kenmare journal, vol. 20, no. 7-v.21, no. 10.</subfield></datafield><datafield ind1=" " ind2=" " tag="530"><subfield code="a">Available on microfilm from the State Historical Society of North Dakota.</subfield></datafield><datafield ind1=" " ind2=" " tag="752"><subfield code="a">United States</subfield><subfield code="b">North Dakota</subfield><subfield code="c">Ward</subfield><subfield code="d">Minot.</subfield></datafield><datafield ind1="0" ind2="4" tag="780"><subfield code="t">Kenmare journal</subfield><subfield code="w">(DLC)sn 88076689</subfield></datafield><datafield ind1="0" ind2="4" tag="780"><subfield code="t">Ward County farmers press</subfield><subfield code="w">(DLC)sn 88076693</subfield></datafield><datafield ind1="0" ind2="0" tag="785"><subfield code="t">Ward County press</subfield><subfield code="w">(DLC)sn 89074015</subfield></datafield></record>